<record><leader>00000cas a2200000Ma 4500</leader><controlfield tag="001">57699746</controlfield><controlfield tag="007">hd bfb016baaa</controlfield><controlfield tag="008">840720d18641951nhuwr nea     0   a0eng d</controlfield><controlfield tag="009">6099</controlfield><datafield ind1=" " ind2=" " tag="010"><subfield code="a">sn 84023734 </subfield></datafield><datafield ind1=" " ind2=" " tag="040"><subfield code="a">HMM</subfield><subfield code="c">HMM</subfield><subfield code="d">OCLCQ</subfield></datafield><datafield ind1="0" ind2=" " tag="130"><subfield code="a">Rochester courier (Rochester, N.H. : 1864)</subfield></datafield><datafield ind1="1" ind2="0" tag="245"><subfield code="a">Rochester courier</subfield><subfield code="h">[microform].</subfield></datafield><datafield ind1="1" ind2="3" tag="246"><subfield code="a">Rochester courier and Farmington advertiser</subfield></datafield><datafield ind1=" " ind2=" " tag="260"><subfield code="a">Rochester, N.H. :</subfield><subfield code="b">J.F. Place</subfield></datafield><datafield ind1=" " ind2=" " tag="300"><subfield code="a">v. ;</subfield><subfield code="c">55 cm.</subfield></datafield><datafield ind1=" " ind2=" " tag="310"><subfield code="a">Weekly</subfield></datafield><datafield ind1="0" ind2=" " tag="362"><subfield code="a">Vol. 1, no. 1 (Jan. 22, 1864)-v. 89, no. 6 (Sept. 27, 1951).</subfield></datafield><datafield ind1=" " ind2=" " tag="580"><subfield code="a">Merged with: Rochester observer (Rochester, N.H.), and: Newmarket news to form: The Rochester courier Rochester observer Newmarket news.</subfield></datafield><datafield ind1=" " ind2=" " tag="533"><subfield code="a">Microfilm.</subfield><subfield code="m">Apr. 12, 1867.</subfield><subfield code="b">Cambridge, Mass. :</subfield><subfield code="c">Harvard College Library Imaging Services,</subfield><subfield code="d">2004.</subfield><subfield code="e">1 microfilm reel ; 35 mm.</subfield></datafield><datafield ind1=" " ind2=" " tag="539"><subfield code="a">d</subfield><subfield code="b">1867</subfield><subfield code="c">1867</subfield><subfield code="d">mau</subfield><subfield code="e">u</subfield><subfield code="f">u</subfield><subfield code="g">a</subfield></datafield><datafield ind1=" " ind2=" " tag="752"><subfield code="a">United States</subfield><subfield code="b">New Hampshire</subfield><subfield code="c">Strafford</subfield><subfield code="d">Rochester.</subfield></datafield><datafield ind1="0" ind2="5" tag="780"><subfield code="t">Rochester leader</subfield><subfield code="w">(DLC)sn 90062653</subfield></datafield><datafield ind1="1" ind2="7" tag="785"><subfield code="t">Rochester observer (Rochester, N.H.)</subfield><subfield code="w">(DLC)sn 90062252</subfield></datafield><datafield ind1="1" ind2="7" tag="785"><subfield code="t">Newmarket news</subfield></datafield><datafield ind1="1" ind2="7" tag="785"><subfield code="t">Rochester courier Rochester observer Newmarket news</subfield><subfield code="w">(DLC)sn 90062381</subfield></datafield><datafield ind1=" " ind2="0" tag="830"><subfield code="a">Harvard College Library newspaper preservation microfilm program ;</subfield><subfield code="v">00846.</subfield></datafield></record>